@article{jump-sprint-link,
  title={The relationship between jumping and sprinting performance in collegiate ultimate athletes},
  author={Davis, Kyle and Rossi, Stephen and Langdon, Jody and McMillan, Jim},
  journal={Journal of Coaching Education},
  volume={5},
  number={2},
  pages={24--37},
  year={2012},
  publisher={Human Kinetics, Inc.}
}

@article{nsa-strength-in-athletes,
  title={Laboratory strength assessment of athletes},
  author={Young, Warren},
  journal={New Studies in Athletics},
  volume={10},
  pages={89-96},
  year={1995},
  publisher={IAAF PUBLICATIONS}
}

@article{aspects-of-strength,
  title={Aspects of strength training in athletics},
  author={Tidow, G{\"u}nter},
  journal={New Studies in Athletics},
  volume={1},
  number={93-110},
  pages={504},
  year={1990},
  publisher={Citeseer}
}

@article{measuring-jump-paper,
author = { Gavin L.   Moir },
title = {Three Different Methods of Calculating Vertical Jump Height from Force Platform Data in Men and Women},
journal = {Measurement in Physical Education and Exercise Science},
volume = {12},
number = {4},
pages = {207-218},
year  = {2008},
publisher = {Routledge},
doi = {10.1080/10913670802349766},

URL = { 
        https://doi.org/10.1080/10913670802349766
    
},
eprint = { 
        https://doi.org/10.1080/10913670802349766
    
}

}

@online{apk-decompiler,
	Author = {{Decompiler.com}},
	Title = {APK Online Decompiler},
	Url = {https://www.decompiler.com/},
}

@online{fitbit-market-share,
	Author = {Lionel Sujay Vailshery},
	Title = {Market share of wearables unit shipments worldwide from 1st quarter 2014 to 2nd quarter 2021, by vendor},
	Url = {https://www.statista.com/statistics/435944/quarterly-wearables-shipments-worldwide-market-share-by-vendor/},
	Month = aug,
	Year = {2021},
}

@online{fitbit-stack,
	Author = {{Stackshare}},
	Title = {Fitbit technology stack},
	Url = {https://stackshare.io/fitbit/fitbit},
}

@online{mfp-stack,
	Author = {{Stackshare}},
	Title = {MyFitnessPal technology stack},
	Url = {https://stackshare.io/myfitnesspal/myfitnesspal},
}

@online{truecoach-revenue,
	Author = {{LATKA SaaS Database}},
	Title = {How TrueCoach hit \$1.3M in Revenue with 20K Customers in 2021.},
	Url = {https://getlatka.com/companies/truecoach},
}

@online{truecoach-funding,
	Author = {{Crunchbase}},
	Title = {TrueCoach Summary},
	Url = {https://www.crunchbase.com/organization/fitbot},
}

@online{statista-monthly-users,
	Author = {{Statista Research Department}},
	Title = {Most popular health and fitness apps in the United States as of May 2018, by monthly active users},
	Url = {https://www.statista.com/statistics/650748/health-fitness-app-usage-usa/},
	Year = {2018}
}

@online{fitness-app-market-size,
	Author = {{Grand View Research}},
	Title = {Fitness App Market Size, Share \& Growth Report, 2021-2028},
	Url = {https://www.grandviewresearch.com/industry-analysis/fitness-app-market},
	Year = {2021}
}

@misc{krissy-podcast,
	Author = {{Steven Bartlett}},
	Title = {EP57: How She Built Her Confidence, and Then an Empire with Krissy Cela},
	Booktitle = {The Diary Of A CEO},
	Url = {https://www.youtube.com/watch?v=j1i4WkJ4qFo},
	Month = nov,
	Series = {Podcast audio},
	Year = {2020}}

@article{tonensculpt,
	Author = {Finley, Sarah},
	Date = {2018-08-08},
	Journal = {Daily Mail Online},
	Title = {Woman, 24, who turned to exercise to relax while training as a lawyer and working as a waitress has made over Â£1M in eight months since launching her own fitness app},
	Url = {https://www.dailymail.co.uk/femail/article-7328129/Lawyer-24-turned-Instagram-fitness-star-turnover.html},
}

@online{whittle15_dragons,
	Author = {Whittle, Joss},
	Title = {Path Traced Glass Dragons},
	Year = {2015}}

@online{sizeofinternet,
	Author = {{Internet Live Stats}},
	Url = {https://www.internetlivestats.com},
	Year = {2020}}

@online{gwern,
	Author = {Branwen, Gwern},
	Title = {Internet Search Tips},
	Url = {https://www.gwern.net/Search},
	Year = {2020}}

@online{texnique,
	Author = {Ravikumar, Akshay},
	Title = {TeXnique},
	Url = {https://texnique.xyz},
	Year = {2019}}

@online{texstackexchange,
	Author = {{Stack Overflow}},
	Title = {TeX StackExchange},
	Url = {https://tex.stackexchange.com},
	Year = {2008}}

@online{overleafdocs,
	Author = {{Overleaf}},
	Title = {Overleaf Documentation},
	Url = {https://www.overleaf.com/learn},
	Year = {2020}}

@online{mendeley,
	Author = {{RELX Group}},
	Title = {Mendeley},
	Url = {https://www.mendeley.com},
	Year = {2019}}

@online{arxiv,
	Author = {{Cornell University}},
	Title = {arXiv},
	Url = {https://arxiv.org},
	Year = {1991}}

@online{paperswithcode,
	Author = {{Atlas ML}},
	Title = {Papers With Code},
	Url = {https://paperswithcode.com},
	Year = {2020}}

@online{highlighter,
	Author = {Nurik, Roman},
	Title = {Slides Code Highlighter},
	Url = {https://romannurik.github.io/SlidesCodeHighlighter},
	Year = {2017}}

@inproceedings{kaj86,
	Acmid = {15902},
	Address = {New York, NY, USA},
	Author = {Kajiya, James T.},
	Booktitle = {Proceedings of the 13th Annual Conference on Computer Graphics and Interactive Techniques},
	Isbn = {0-89791-196-2},
	Numpages = {8},
	Pages = {143--150},
	Publisher = {ACM},
	Series = {SIGGRAPH '86},
	Title = {The Rendering Equation},
	Year = {1986}}
